@inproceedings{hollinger2006evaluation,
  title={Evaluation of commercial force-sensing resistors},
  author={Hollinger, Avrum and Wanderley, Marcelo M},
  booktitle={Proceedings of the International Conference on New Interfaces for Musical Expression, Paris, France},
  year={2006}
}

@inproceedings{interlinkelectronics,
  title={Forse Sensing Resistor Integration Guide and Evaluation Parts Catalog},
  author={Interlinks Electronics},
  organization={InterlinkElectronics}
}


@article{giovanelli2016force,
  title={Force sensing resistor and evaluation of technology for wearable body pressure sensing},
  author={Giovanelli, Davide and Farella, Elisabetta},
  journal={Journal of Sensors},
  volume={2016},
  year={2016},
  publisher={Hindawi}
}

@book{fraden2004handbook,
  title={Handbook of modern sensors: physics, designs, and applications},
  author={Fraden, Jacob},
  year={2004},
  publisher={Springer Science \& Business Media}
}

@inproceedings{yaniger1991force,
  title={Force sensing resistors: A review of the technology},
  author={Yaniger, SI},
  booktitle={Electro International, 1991},
  year={1991},
  organization={IEEE}
}

@inproceedings{datasheet,
  title={Datasheet Interlinkelectronics},
  journal={http://www.trossenrobotics.com/productdocs/2010-10-26-DataSheet-FSR402-Layout2.pdf},
  author={Interlink Electronics},
  year={2010},
  organization={Interlink Electronics}
}

@article{nikonovas2004application,
  title={The application of force-sensing resistor sensors for measuring forces developed by the human hand},
  author={Nikonovas, A and Harrison, AJL and Hoult, S and Sammut, D},
  journal={Proceedings of the Institution of Mechanical Engineers, Part H: Journal of Engineering in Medicine},
  volume={218},
  number={2},
  pages={121--126},
  year={2004},
  publisher={SAGE Publications Sage UK: London, England}
}

@inproceedings{grosshauser2008low,
  title={Low Force Pressure Measurement: Pressure Sensor Matrices for Gesture Analysis, Stiffness Recognition and Augmented Instruments.},
  author={Grosshauser, Tobias},
  booktitle={NIME},
  pages={97--102},
  year={2008}
}
@inproceedings{grosshauser2013finger,
  title={Finger Position and Pressure Sensing Techniques for String and Keyboard Instruments.},
  author={Grosshauser, Tobias and Tr{\"o}ster, Gerhard},
  booktitle={NIME},
  volume={13},
  pages={27--30},
  year={2013}
}